@misc { gasp-source,
  title = {The \GASP{} share package for \GAP},
  author = {James Henstridge},
  key = {Henstridge},
  note = {\\\verb+ftp://ftp.daa.com.au/pub/james/uni/gasp.tar.gz+}
}

@manual { gap-www,
  title = {\GAP{} -- Groups, Algorithms and Programming},
  key = {GAP},
  year = {1999},
  organization = {The \GAP~Group},
  address = {Aachen, St Andrews},
  note = {\\\verb+http://www-groups.dcs.st-and.sc.uk/~gap/+}
}

@manual { gap-tut,
  title = {The \GAP{} Tutorial},
  key = {GAP},
  organization = {The \GAP~Group},
  address = {Aachen, St Andrews},
  note = {\\\verb+http://www-groups.dcs.st-and.ac.uk/~gap/Manual4/tut/+}
}

@manual { gap-ref,
  title = {The \GAP{} Reference Manual},
  key = {GAP},
  organization = {The \GAP~Group},
  address = {Aachen, St Andrews},
  note = {\\\verb+http://www-groups.dcs.st-and.ac.uk/~gap/Manual4/ref/+}
}

@manual { gap-prg,
  title = {Programming in \GAP{} 4},
  key = {GAP},
  organization = {The \GAP~Group},
  address = {Aachen, St Andrews},
  note = {\\\verb+http://www-groups.dcs.st-and.ac.uk/~gap/Manual4/prg/+}
}

@manual { gap-ext,
  title = {Extending \GAP},
  key = {GAP},
  organization = {The \GAP~Group},
  address = {Aachen, St Andrews},
  note = {\\\verb+http://www-groups.dcs.st-and.ac.uk/~gap/Manual4/tut/+}
}

@misc { python,
  title = {The Python language},
  author = {Guido van Rossum},
  key = {Rossum},
  note = {\\\verb+http://www.python.org/+}
}

@article { widom-rowlinson,
  title = {New model for the study of liquid-vapor transitions},
  author = {B~.Widom and J.S. Rowlinson},
  key = {Rowlinson},
  journal = {The Journal of Chemical Physics},
  year = {1970},
  volume = {52},
  pages = {1670--1684}
}

@article { strauss-process,
  title = {A model for clustering},
  author = {D.J. Strauss},
  key = {Strauss},
  journal = {Biometrika},
  year = {1975},
  volume = {63},
  pages = {467--475}
}

@book { spatial-stats,
  title = {Spatial statistics},
  author = {B.D. Ripley},
  key = {Ripley},
  publisher = {John Wiley and Sons},
  year = {1981},
  address = {New York}
}

@book { markov-point-processes,
  title = {Markov point processes},
  author = {M.N.M. van Lieshout},
  key = {Lieshout},
  publisher = {Oxford University Press},
  year = {to appear}
}

@book { markov-point-processes-2,
  title = {An introduction to the theory of point processes},
  author = {D. Daley and D. Vere-Jones},
  key = {Daley},
  publisher = {Springer},
  year = {1988}
}

@book { mcmc-in-practice,
  title = {Markov Chain Monte Carlo in practice},
  author = {W. Gilks, S. Richardson and D.Spiegelhalter},
  key = {Gilks},
  publisher = {Chapman \& Hall},
  year = {1998}
}

@book { s-plus,
  title = {Modern Applied Statistics with \textsf{S-PLUS}},
  edition = {3rd edition},
  author = {W.R. Venables and B.D. Ripley},
  key = {Venables},
  publisher = {Springer},
  year = {1999}
}